<?xml version="1.0" encoding="UTF-8"?><collection xmlns="http://www.loc.gov/MARC21/slim"><record><leader>00474nam--2200181-u-4500</leader><controlfield tag="001">000055415</controlfield><controlfield tag="002">20161230</controlfield><controlfield tag="005">20161230201052</controlfield><controlfield tag="008">130205s1000------------r-----000-0-eng-d</controlfield><datafield ind1=" " ind2=" " tag="040"><subfield code="a">IFIN-HH</subfield></datafield><datafield ind1=" " ind2=" " tag="080"><subfield code="a">803.0(075.8)</subfield></datafield><datafield ind1="1" ind2=" " tag="100"><subfield code="a">Wild, Henry J</subfield></datafield><datafield ind1="1" ind2="0" tag="245"><subfield code="a">An introduction to scientific german</subfield><subfield code="c">J. henry wild</subfield></datafield><datafield ind1=" " ind2=" " tag="250"><subfield code="a">Second Edition</subfield></datafield><datafield ind1=" " ind2=" " tag="260"><subfield code="a">New York</subfield><subfield code="b">Oxford University Press</subfield><subfield code="c">1956</subfield></datafield><datafield ind1=" " ind2=" " tag="300"><subfield code="a">XI+177P</subfield></datafield><datafield ind1=" " ind2=" " tag="852"><subfield code="a">41872</subfield><subfield code="c">4</subfield></datafield><datafield ind1=" " ind2=" " tag="CAT"><subfield code="a">Sys</subfield><subfield code="c">20130205</subfield><subfield code="h">165304</subfield></datafield></record></collection>